
@article{HU95,
	author = {Billie Hughes and Howard J. Sullivan and Mary Lou Mosley},
	title = {External Evaluation, Task Difficulty, and Continuing Motivation},
	journal = {The Journal of Educational Research},
	volume = {78},
	number = {4},
	pages = {210-215},
	year  = {1985},
	publisher = {Routledge},
	doi = {10.1080/00220671.1985.10885602},
	URL = {https://doi.org/10.1080/00220671.1985.10885602},	
}

@article{FI05,
	author = {Fink, L},
	year = {2005},
	month = {01},
	title = {Creating Significant Learning Experiences : An Integrated Approach to Designing College Courses / L.D. Fink.}
}

@article{TC88,
	author = {Terence J. Crooks},
	title ={The Impact of Classroom Evaluation Practices on Students},
	journal = {Review of Educational Research},
	volume = {58},
	number = {4},
	pages = {438-481},
	year = {1988},
	doi = {10.3102/00346543058004438},
	URL = {https://doi.org/10.3102/00346543058004438}
}

@book{OECD15,
	author = {OECD},
	title = {OECD360 : Deutschland 2015},
	year = {2015},
	pages = {48},
	URL = {https://www.oecd-ilibrary.org/content/publication/9789264236066-de},
	doi = {10.1787/9789264236066-de} 
}

@article{HU18,
	author = {Hutfilter, A. and Lehmann, S. and Kim, E. J.},
	title = {Improving skills and their use in Germany},
	year = {2018},
	number = {1516}, 
	URL = {https://www.oecd-ilibrary.org/content/paper/8a251b1f-en},
	doi = {https://doi.org/https://doi.org/10.1787/8a251b1f-en} 
}

@article{OECDCN15
	author = {OECD},
	year = {2015},
	title = {Country Note Germany – Results from PISA},
	URL = {http://www.oecd.org/pisa/PISA-2015-Germany.pdf}
}

@article{PISA15
	author = {OECD},
	year = {2015},
	title = {PISA  2015  –  Ergebnisse  im  Fokus},
	URL = {http://www.oecd.org/berlin/themen/pisa-studie/PISA_2015_Zusammenfassung.pdf}
}

@article{TO17,
	title = {Self-managing cloud-native applications: Design, implementation, and experience},
	journal = {Future Generation Computer Systems},
	volume = {72},
	pages = {165 - 179},
	year = {2017},
	issn = {0167-739X},
	doi = {https://doi.org/10.1016/j.future.2016.09.002},
	URL = {http://www.sciencedirect.com/science/article/pii/S0167739X16302977},
	author = {Giovanni Toffetti and Sandro Brunner and Martin Blöchlinger and Josef Spillner and Thomas Michael Bohnert}
}

@Online{PE13,
	title = {Containers & Docker: How Secure Are They?},
	author = {J. Petazzoni},
	year  = {2013},
	URL  =  {http://blog.docker.com/2013/08/containers-docker-how-secure-are-they},
	urldate = {2019-05-04}
}
@inproceedings{CL14,
	title={BCE: Berkeley’s common scientific compute environment for research and education},
	author={Clark, Dav and Culich, Aaron and Hamlin, Brian and Lovett, Ryan},
	booktitle={Proceedings of the 13th Python in Science Conference (SciPy 2014)},
	pages={1--8},
	year={2014}
}
@article{BO15,
	author = {Boettiger, Carl},
	title = {An Introduction to Docker for Reproducible Research},
	journal = {SIGOPS Oper. Syst. Rev.},
	issue_date = {January 2015},
	volume = {49},
	number = {1},
	month = jan,
	year = {2015},
	issn = {0163-5980},
	pages = {71--79},
	numpages = {9},
	URL = {http://doi.acm.org/10.1145/2723872.2723882},
	doi = {10.1145/2723872.2723882},
	acmid = {2723882},
	publisher = {ACM},
	address = {New York, NY, USA},
}

@article{CO16,
	author = {Collberg, Christian and Proebsting, Todd A.},
	title = {Repeatability in Computer Systems Research},
	journal = {Commun. ACM},
	issue_date = {March 2016},
	volume = {59},
	number = {3},
	month = feb,
	year = {2016},
	issn = {0001-0782},
	pages = {62--69},
	numpages = {8},
	URL = {http://doi.acm.org/10.1145/2812803},
	doi = {10.1145/2812803},
	acmid = {2812803},
	publisher = {ACM},
	address = {New York, NY, USA},
} 

@Online{FI14,
	title = {Reproducible research is still a challenge},
	author = {FitzJohn, R. et al.},
	year  = {2014},
	URL  =  {http://ropensci.org/blog/2014/06/09/reproducibility},
	urldate = {2019-05-04}
}

@article{ST16,
	author = {Stodden, V. et al},
	title = {Reproducibility in computational and experimental mathematics - . Examining reproducibility in computer 
	science},
	year = {2013},
	URL = {http://reproducibility.cs.arizona.edu/},
	doi = {http://doi.org/10.5334/jors.ay}
}

@article{BO14,
	author = {Boettiger, Carl},
	year = {2014},
	month = {10},
	title = {An introduction to Docker for reproducible research, with examples from the R environment},
	volume = {49},
	journal = {ACM SIGOPS Oper. Syst. Rev.},
	doi = {10.1145/2723872.2723882}
}

@article{ME11,
	title={The NIST definition of cloud computing},
	author={Mell, P. and Grance, T. and others},
	year={2011},
	publisher={Computer Security Division, Information Technology Laboratory, National~…}
}

@Online{MIN18,
	title = {Spring Boot Autoscaler},
	author = {Minkowski, P.},
	year  = {2018},
	URL  =  {https://dzone.com/articles/spring-boot-autoscaler}
	urldate = {2019-05-04}
}

@Online{BI17,
	title = {Principles of Container-Based Application Design},
	author = {Bilgin, I.},
	year  = {2017},
	URL  = {https://www.redhat.com/cms/managed-files/cl-cloud-native-container-design-whitepaper-f8808kc-201710-v3-en.pdf}
	urldate = {2019-05-04}
}

@article{EBE16,
	author={ Ebert, C. and Gallardo, G. and Hernantes, G. and Serrano,N.},
	journal={IEEE Software},
	title={DevOps},
	year={2016},
	volume={33},
	number={3},
	pages={94-100},
	doi={10.1109/MS.2016.68},
	ISSN={0740-7459},
	month={May}
}

@book{HUE12,
	title={DevOps for developers},
	author={Hüttermann, M.},
	year={2012},
	pages = {3-21},
	publisher={Apress}
}

@inproceedings{JA16,
	title={What is devops?: A systematic mapping study on definitions and practices},
	author={Jabbari, R. and bin Ali, N. and Petersen, K. and Tanveer, B.},
	booktitle={Proceedings of the Scientific Workshop Proceedings of XP2016},
	pages={12},
	year={2016},
	organization={ACM}
}

@Online{IV18,
	title = {Developing Multi-Pod Apps with Kubernetes and Che},
	author = {Ivantsov, Y.},
	year  = {2018},
	URL  =  {https://che.eclipse.org/using-eclipse-che-to-develop-multi-container-apps-eb45b32ffe5b},
	urldate = {2019-05-04}
}

@Online{SO19,
	title = {Stack Overflow Developer Survey 2019},
	organization={Stack Overflow},
	year  = {2019},
	URL  =  {https://insights.stackoverflow.com/survey/2019}
	urldate = {2019-05-04}
}

@article{DECI93,
	title={Die Selbstbestimmungstheorie der Motivation und ihre Bedeutung für die Pädagogik},
	author={Deci, E. and Ryan, R.},
	journal={Zeitschrift für Pädagogik},
	volume={39},
	number={2},
	pages={223--238},
	year={1993}
}